<record><leader>00000cas a22000007a 4500</leader><controlfield tag="001">11887203</controlfield><controlfield tag="008">850404d19211923iauir ne      0    0eng d</controlfield><datafield ind1=" " ind2=" " tag="010"><subfield code="a">sn 85049565 </subfield></datafield><datafield ind1=" " ind2=" " tag="040"><subfield code="a">INP</subfield><subfield code="b">eng</subfield><subfield code="c">INP</subfield><subfield code="d">OCLCQ</subfield></datafield><datafield ind1=" " ind2=" " tag="042"><subfield code="a">msc</subfield></datafield><datafield ind1="0" ind2=" " tag="130"><subfield code="a">Boone County pioneer (Boone, Iowa)</subfield></datafield><datafield ind1="1" ind2="4" tag="245"><subfield code="a">The Boone County pioneer.</subfield></datafield><datafield ind1=" " ind2=" " tag="260"><subfield code="a">Boone, Iowa :</subfield><subfield code="b">Tom J. White,</subfield><subfield code="c">1921-1923.</subfield></datafield><datafield ind1=" " ind2=" " tag="300"><subfield code="a">3 v. :</subfield><subfield code="b">ill. ;</subfield><subfield code="c">59 cm.</subfield></datafield><datafield ind1=" " ind2=" " tag="310"><subfield code="a">Triweekly</subfield></datafield><datafield ind1="0" ind2=" " tag="362"><subfield code="a">Vol. 53, no. 209 (May 6, 1921)-v. 55, no. 102 (June 29, 1923).</subfield></datafield><datafield ind1=" " ind2=" " tag="500"><subfield code="a">Publisher varies.</subfield></datafield><datafield ind1=" " ind2=" " tag="500"><subfield code="a">"An independent newspaper."</subfield></datafield><datafield ind1=" " ind2=" " tag="500"><subfield code="a">Editor: J.N. Stonebraker, &lt;Mar. 21&gt;-June 29, 1923.</subfield></datafield><datafield ind1=" " ind2=" " tag="588"><subfield code="a">Description based on: Vol. 53, no. 210 (May 9, 1921).</subfield></datafield><datafield ind1=" " ind2=" " tag="752"><subfield code="a">United States</subfield><subfield code="b">Iowa</subfield><subfield code="c">Boone</subfield><subfield code="d">Boone.</subfield></datafield><datafield ind1="0" ind2="0" tag="780"><subfield code="t">Boone County Democrat</subfield><subfield code="w">(DLC)sn 84038059</subfield></datafield><datafield ind1="0" ind2="7" tag="785"><subfield code="t">Boone news-Republican (Boone, Iowa : 1906 : Daily)</subfield><subfield code="w">(DLC)sn 85050942</subfield></datafield><datafield ind1="0" ind2="7" tag="785"><subfield code="t">Boone news-Republican and pioneer</subfield><subfield code="w">(DLC)sn 85050901</subfield></datafield><datafield ind1="1" ind2=" " tag="029"><subfield code="a">AU@</subfield><subfield code="b">000025841642</subfield></datafield></record>